<?xml version="1.0" encoding="UTF-8"?><collection xmlns="http://www.loc.gov/MARC21/slim"><record><leader>00529nam--2200193-u-4500</leader><controlfield tag="001">000053437</controlfield><controlfield tag="002">20161230</controlfield><controlfield tag="005">20161230201051</controlfield><controlfield tag="008">110404s1000------------r-----000-0-eng-d</controlfield><datafield ind1=" " ind2=" " tag="020"><subfield code="a">0521551439</subfield></datafield><datafield ind1=" " ind2=" " tag="040"><subfield code="a">IFIN-HH</subfield></datafield><datafield ind1=" " ind2=" " tag="080"><subfield code="a">530.161</subfield></datafield><datafield ind1="1" ind2=" " tag="100"><subfield code="a">Takahashi, Minoru</subfield></datafield><datafield ind1="1" ind2="0" tag="245"><subfield code="a">Thermodynamics of one-dimensional solvable models</subfield><subfield code="c">Minoru takahashi</subfield></datafield><datafield ind1=" " ind2=" " tag="260"><subfield code="a">Cambridge</subfield><subfield code="b">Cambridge University Press</subfield><subfield code="c">1999</subfield></datafield><datafield ind1=" " ind2=" " tag="300"><subfield code="a">252P</subfield></datafield><datafield ind1=" " ind2="4" tag="650"><subfield code="a">Mathematical Physics</subfield></datafield><datafield ind1=" " ind2=" " tag="852"><subfield code="a">81371</subfield><subfield code="c">530.161</subfield></datafield><datafield ind1=" " ind2=" " tag="CAT"><subfield code="a">Sys</subfield><subfield code="c">20110513</subfield><subfield code="h">112554</subfield></datafield></record></collection>